% 文中に\cite{タグ名}で使うと参考文献のところに表示される
% 参考：https://mathlandscape.com/latex-cite/
% 　　　　　　　：https://mathlandscape.com/latex-bib/
% 最初のはサンプル
@article{studer1998knowledge,
  title={Knowledge engineering: principles and methods},
  author={Studer, Rudi and Benjamins, V Richard and Fensel, Dieter},
  journal={Data \& knowledge engineering},
  volume={25},
  number={1-2},
  pages={161--197},
  year={1998},
  publisher={Elsevier}
}